% references.bib

% ====Publishers

@string{aw    = "Addison-Wesley"}			% Reading
@string{ap    = "Academic Press"}			% New York
@string{cips  = "Canadian Information Processing Society"}
@string{cup   = "Cambridge University Press"}
@string{dover = "Dover Publications"}
@string{dp    = "Digital Press"}
@string{hal   = "Halsted Press, John Wiley \& Sons"}	% New York
@string{hay   = "Hayden Book Company, Inc."}		% New Jersey
@string{ieecs = "IEEE Computer Society Press"}
@string{ind   = "Industrial Press Inc."}		% New York
@string{maci  = "MacMillan India LTD"}
@string{mgh   = "McGraw-Hill"}			% New York
@string{mkp   = "Morgan Kaufmann Publishers, Inc."}
@string{mitp  = "MIT Press"}			% Cambridge
@string{oup   = "Oxford University Press"}
@string{ph    = "Prentice-Hall Publishing Company"}
@string{pp    = "Pergamon Press"}
@string{ptp   = "Pentech Press"}
@string{sv    = "Springer-Verlag"}
@string{ui    = "University of Illinois Press"}
@string{vnr   = "Van Nostrand Reinhold"}
@string{wad   = "Wadsworth \& Brooks, Inc."}
@string{whf   = "W. H. Freeman, Inc."}
@string{wil   = "John Wiley \& Sons, Inc."}
@string{wwn   = "W.W. Norton \& Company"}

% ====Journals

@string{acmtog   = "ACM Transactions on Graphics"}
@string{cacm     = "Communications of the ACM"}
@string{cad      = "Computer-Aided Design"}
@string{cag      = "Computers and Graphics"}
@string{cg       = "Computer Graphics"}
@string{cgf      = "Computer Graphics Forum"}
@string{cvgip    = "Computer Vision Graphics and Image Processing"}
@string{ieeep    = "Proc.~ the IEEE" }
@string{ieeeassp = "IEEE Transactions on Acoustics, Speech, and Signal Processing"}
@string{ieeeit   = "IEEE Transactions on Information Theory"}
@string{ieeetoc  = "IEEE Transactions on Computers"}
@string{ieeecga  = "IEEE Computer Graphics and Applications" }
@string{ivc      = "Image and Vision Computing"}
@string{jacm     = "Journal of the ACM"}
@string{cgprds   = "Proc. Conf. on Computer Graphics, Pattern Recognition, Data Structure"}
@string{cvgip1   = "CVGIP: Graphics Models and Image Processing"}
@string{vc       = "The Visual Computer"}
@string{pres     = "Presence"}

% ====Siggraph

@string{sig75 = "Computer Graphics (SIGGRAPH '75 Proceedings)"}
@string{sig76 = "Computer Graphics (SIGGRAPH '76 Proceedings)"}
@string{sig77 = "Computer Graphics (SIGGRAPH '77 Proceedings)"}
@string{sig78 = "Computer Graphics (SIGGRAPH '78 Proceedings)"}
@string{sig79 = "Computer Graphics (SIGGRAPH '79 Proceedings)"}
@string{sig80 = "Computer Graphics (SIGGRAPH '80 Proceedings)"}
@string{sig81 = "Computer Graphics (SIGGRAPH '81 Proceedings)"}
@string{sig82 = "Computer Graphics (SIGGRAPH '82 Proceedings)"}
@string{sig83 = "Computer Graphics (SIGGRAPH '83 Proceedings)"}
@string{sig84 = "Computer Graphics (SIGGRAPH '84 Proceedings)"}
@string{sig85 = "Computer Graphics (SIGGRAPH '85 Proceedings)"}
@string{sig86 = "Computer Graphics (SIGGRAPH '86 Proceedings)"}
@string{sig87 = "Computer Graphics (SIGGRAPH '87 Proceedings)"}
@string{sig88 = "Computer Graphics (SIGGRAPH '88 Proceedings)"}
@string{sig89 = "Computer Graphics (SIGGRAPH '89 Proceedings)"}
@string{sig90 = "Computer Graphics (SIGGRAPH '90 Proceedings)"}
@string{sig91 = "Computer Graphics (SIGGRAPH '91 Proceedings)"}
@string{sig92 = "Computer Graphics (SIGGRAPH '92 Proceedings)"}
@string{sig93 = "Computer Graphics (SIGGRAPH '93 Proceedings)"}
@string{sig94 = "Computer Graphics (SIGGRAPH '94 Proceedings)"}

@string{sigi3d86 = "Computer Graphics (1986 Symposium on Interactive 3D Graphics)"}
@string{sigi3d90 = "Computer Graphics (1990 Symposium on Interactive 3D Graphics)"}
@string{sigi3d92 = "Computer Graphics (1992 Symposium on Interactive 3D Graphics)"}

% ====Eurographics

@string{eg85 = "Eurographics '85"}
@string{eg86 = "Eurographics '86"}
@string{eg87 = "Eurographics '87"}
@string{eg88 = "Eurographics '88"}
@string{eg89 = "Eurographics '89"}
@string{eg90 = "Eurographics '90"}
@string{eg91 = "Eurographics '91"}
@string{eg92 = "Eurographics '92"}
@string{eg93 = "Eurographics '93"}
@string{eg94 = "Eurographics '94"}

% ====Eurographics Workshop on Animation and Simulation

@string{egwas90 = "First Eurographics Workshop on Animation and Simulation"}
@string{egwas91 = "Second Eurographics Workshop on Animation and Simulation"}
@string{egwas92 = "Third Eurographics Workshop on Animation and Simulation"}
@string{egwas93 = "Fourth Eurographics Workshop on Animation and Simulation"}
@string{egwas94 = "Fifth Eurographics Workshop on Animation and Simulation"}

% ====Eurographics Workshop on Rendering

@string{egwr90 = "First Eurographics Workshop on Rendering"}
@string{egwr91 = "Second Eurographics Workshop on Rendering"}
@string{egwr92 = "Third Eurographics Workshop on Rendering"}
@string{egwr93 = "Fourth Eurographics Workshop on Rendering"}
@string{egwr94 = "Fifth Eurographics Workshop on Rendering"}

% ====Graphics Interface

@string{gi83 = "Proc.~ Graphics Interface '83"}
@string{gi84 = "Proc.~ Graphics Interface '84"}
@string{gi85 = "Proc.~ Graphics Interface '85"}
@string{gi86 = "Proc.~ Graphics Interface '86"}
@string{gi87 = "Proc.~ Graphics Interface '87"}
@string{gi88 = "Proc.~ Graphics Interface '88"}
@string{gi89 = "Proc.~ Graphics Interface '89"}
@string{gi90 = "Proc.~ Graphics Interface '90"}
@string{gi91 = "Proc.~ Graphics Interface '91"}
@string{gi92 = "Proc.~ Graphics Interface '92"}
@string{gi93 = "Proc.~ Graphics Interface '93"}
@string{gi94 = "Proc.~ Graphics Interface '94"}

% ====Miscellaneous

%% journal names
@string{CACM = "Communications of the {ACM}"}
@string{UCB  = "UC Berkeley"}

%% publishers
@string{ap   = "Academic Press"}		% New York

%% crazy names
@STRING( Bezier	    = " B{\hspace{-0.04em}\'e}zier " )
@STRING( Geza	    = " G{\'e}za " )
@STRING( Grunbaum   = " Gr{\"{u}}nbaum " )
@STRING( Guting	    = " G{\"u}ting " )
@STRING( Janos	    = " J{\'a}nos " )
@STRING( Jiri	    = " Ji{\v{r}}{\'i} " )
@STRING( Matousek   = " Matou{\v{s}}ek " )
@STRING( Naher	    = " N{\"a}her " )
@STRING( ODunlaing  = " \'O'D{\'u}nlaing " )
@STRING( Plucker    = " Pl{\"u}cker " )
@STRING( Rene	    = " Ren{\'e} " )
@STRING( Schroder   = " Schr{\hspace{-0.04em}\"o}der " )
@STRING( Sequin	    = " S{\hspace{-0.04em}\'e}quin " )
@STRING( SFPT	    = " Soci{\'e}t{\'e} Fran{\c{c}}aise de Photogramm{\'e}trie et de T{\'e}l{\'e}d{\'e}tection " )

% ======================================================================

%% bibtex rules:
%% 1) must quote accented characters as {\'e}, etc
%% 2) BUT if accent is \v, must inner quote as {\v{s}}
%% 3) cannot curly-brace macros, i.e., don't use {\Guting}
%% 4) to preserve case, use "Paper name {FOO}"

@inproceedings{pesto,
  Author = {Ajay Gulati and Ganesha Shanmuganathan and Irfan Ahmad and Carl A. Waldspurger and Mustafa Uysal},
  Booktitle = {Proceedings of the 2nd ACM Symposium on Clound Computing},
  Title = {Pesto: Online Storage Performance Management in Virtualized Datacenters},  
  Publisher = {ACM},
  Series = {SOCC'11},
  Year = {2011}
}

@inproceedings{vectordot,
  author={Singh, A. and Korupolu, M. and Mohapatra, D.},
  booktitle={Proceedings of the 2008 ACM/IEEE conference on Supercomputing},
  title={Server-storage virtualization: integration and load balancing in data centers},
  publisher={IEEE Press},
  Series = {SC'08},
  year={2008}
}

@inproceedings{basil,
  Author = {Gulati, Ajay and Kumar, Chethan and Ahmad, Irfan and Kumar, Karan},
  Booktitle = {Proceedings of the 8th USENIX conference on File and Storage Technologies},
  Publisher = {USENIX Association},
  Series = {FAST'10},
  Title = {{BASIL}: Automated {IO} load balancing across storage devices},
  Year = {2010}
}

@book{lilja,
  title={Measuring computer performance: a practitioner's guide},
  author={Lilja, D.J.},
  year={2005},
  publisher={Cambridge Univ Press}
}

@article{drs,
	title={{VM}ware Distributed Resource Management: Design, Implementation, and Lessons Learned},
	author={Ajay Gulati and Anne Holler and Minwen Ji and Ganesha Shanmuganathan and Carl Waldspurger and Xiaotun Zhu},
	journal={VMware Technical Journal},
	pages={45-64},
	year=2012,
	publisher={VMware}
}

@inproceedings{nelson2005fast,
  Author = {Nelson, M. and Lim, B.H. and Hutchins, G.},
  Booktitle = {Proceedings of the 2005 USENIX Annual Technical Conference},
  Title = {Fast transparent migration for virtual machines},
  Publisher = {USENIX Association},
  Series = {USENIX ATC'05},
  Year = {2005}
}

@inproceedings{clark2005live,
  Author = {Clark, C. and Fraser, K. and Hand, S. and Hansen, J.G. and Jul, E. and Limpach, C. and Pratt, I. and Warfield, A.},
  Booktitle = {Proceedings of the 2nd conference on Symposium on Networked Systems Design \& Implementation},
  Title = {Live migration of virtual machines},
  Publisher = {USENIX Association},
  Series = {NSDI'05},
  Year = {2005}
}

@inproceedings{mashtizadeh2011design,
  author={Mashtizadeh, A. and Celebi, E. and Garfinkel, T. and Cai, M.},
  Booktitle = {Proceedings of the 2011 USENIX Annual Technical Conference},
  title={The design and evolution of live storage migration in VMware ESX},
  Publisher = {USENIX Association},
  Series = {USENIX ATC'11},
  year={2011}
}

@book{vmware5,
  title={{VM}ware v{S}phere 5 clustering: technical deepdive},
  author={Duncan Epping and Frank Denneman},
  year={2011},
  publisher={VMware}
}

@inproceedings{relative-fitness,
  author={Wang, M. and Au, K. and Ailamaki, A. and Brockwell, A. and Faloutsos, C. and Ganger, G.R.},
  booktitle={Proceedings of the 12th International Symposium on Modeling, Analysis, and Simulation of Computer and Telecommunications Systems},
  title={Storage device performance prediction with CART models},
  year={2004},
  publisher={IEEE},
  Series = {MASCOTS'04}
}

@inproceedings{romano,
	author={Nohhyun Park and Irfan Ahmad and David J. Lilja},
	Title={Romano: The Right Workload for the Right Storage},
	year={2012},
	note={To be submitted}
}

@inproceedings{benchmark,
  Author = {N Park and W Xiao and K Choi and DJ Lilja},
  booktitle = {7th IEEE International Workshop on Storage Network Architecture and Parallel {I/O}},
  Title = {A Statistical Evaluation of the Impact of Parameter Selection on Storage System Benchmarks},
  publisher={IEEE},
  year={2011},
  Series = {SNAPI'11}
}


@inproceedings{parda,
  author={Gulati, A. and Ahmad, I. and Waldspurger, C.A.},
  booktitle={Proccedings of the 7th USENIX conference on File and storage technologies},
  title={PARDA: Proportional allocation of resources for distributed storage access},
  Publisher = {USENIX Association},
  Series = {FAST'09},
  year={2009},
}

